<?xml version="1.0" encoding="UTF-8"?><collection xmlns="http://www.loc.gov/MARC21/slim"><record><leader>00538nam--2200193-u-4500</leader><controlfield tag="001">000052087</controlfield><controlfield tag="002">20161230</controlfield><controlfield tag="005">20161230201049</controlfield><controlfield tag="008">090622s1000------------r-----000-0-eng-d</controlfield><datafield ind1=" " ind2=" " tag="040"><subfield code="a">IFIN-HH</subfield></datafield><datafield ind1=" " ind2=" " tag="080"><subfield code="a">512</subfield></datafield><datafield ind1="1" ind2=" " tag="100"><subfield code="a">Riley, K.F</subfield></datafield><datafield ind1="1" ind2="0" tag="245"><subfield code="a">Student solutions manual for mathematical methods for physics and engineering</subfield><subfield code="c">K.f. riley, m.p. hobson</subfield></datafield><datafield ind1=" " ind2=" " tag="260"><subfield code="a">Cambridge</subfield><subfield code="b">University Press</subfield><subfield code="c">2006</subfield></datafield><datafield ind1=" " ind2=" " tag="300"><subfield code="a">534 p</subfield></datafield><datafield ind1=" " ind2="4" tag="650"><subfield code="a">Integral Equations</subfield></datafield><datafield ind1="1" ind2=" " tag="700"><subfield code="a">Hobson, M.P</subfield></datafield><datafield ind1=" " ind2=" " tag="852"><subfield code="a">82209</subfield><subfield code="c">51</subfield></datafield><datafield ind1=" " ind2=" " tag="CAT"><subfield code="a">Sys</subfield><subfield code="c">20130806</subfield><subfield code="h">124651</subfield></datafield></record></collection>